%% This BibTeX bibliography file was created using BibDesk.
%% http://bibdesk.sourceforge.net/

%% Created for Ewan Short at 2015-01-14 14:17:24 +1030 

%% Saved with string encoding Unicode (UTF-8) 

@article{adames16,
author = {{\'A}ngel F. Adames and Daehyun Kim},
title = {The {MJO} as a Dispersive, Convectively Coupled Moisture Wave: Theory and Observations},
journal = {Journal of the Atmospheric Sciences},
volume = {73},
number = {3},
pages = {913-941},
year = {2016},
}

@book{ahrens11,
  title={Essentials of Meteorology: An Invitation to the Atmosphere},
  author={Ahrens, C.D.},
  year={2011},
  publisher={Cengage Learning},
  edition={6}
}

@article{allen00,
author={Allen,Myles R. and Stott,Peter A. and Mitchell,John F. B. and Schnur,Reiner and Delworth,Thomas L.},
year={2000},
month={Oct 05},
title={Quantifying the uncertainty in forecasts of anthropogenic climate change},
journal={Nature},
volume={407},
number={6804},
pages={617-620},
note={Copyright - Copyright Macmillan Journals Ltd. Oct 5, 2000; Last updated - 2012-11-14; CODEN - NATUAS},
isbn={00280836},
language={English},
}

@article{allen02,
author={Allen,Myles R. and Ingram,William J. and Stainforth,David A.},
year={2002},
month={Sep 12},
title={Constraints on future changes in climate and the hydrologic cycle},
journal={Nature},
volume={419},
number={6903},
pages={224-32},
isbn={00280836},
language={English},
}

@article{allen11,
Author = {Allen, John T. and Karoly, David J. and Mills, Graham A.},
Title = {{A severe thunderstorm climatology for Australia and associated
   thunderstorm environments}},
Journal = {AUSTRALIAN METEOROLOGICAL AND OCEANOGRAPHIC JOURNAL},
Year = {{2011}},
Volume = {{61}},
Number = {{3}},
Pages = {{143-158}},
Month = {{SEP}},
ISSN = {{1836-716X}},
}

@article{allen16,
title = "A review of severe thunderstorms in Australia ",
journal = "Atmospheric Research ",
volume = "178â€“179",
pages = "347 - 366",
year = "2016",
author = "John T. Allen and Edwina R. Allen",
}


@article{alpert84,
	Author = {Alpert, P. and Kusuda, M. and Abe, N.},
	Journal = {Journal of the Atmospheric Sciences},
	Number = {24},
	Pages = {3568--3583},
	Title = {Anticlockwise Rotation, Eccentricity and Tilt Angle of the Wind Hodograph. {Part II: An} Observational Study},
	Volume = {41},
	Year = {1984}
}

@article {aparna05,
author = {Aparna, M. and Shetye, S. R. and Shankar, D. and Shenoi, S. S. C. and Mehra, P. and Desai, R. G. P.},
title = {Estimating the seaward extent of sea breeze from {QuikSCAT} scatterometry},
journal = {Geophysical Research Letters},
volume = {32},
number = {13},
issn = {1944-8007},
doi = {10.1029/2005GL023107},
keywords = {Boundary layer processes, Mesoscale meteorology, Marine meteorology},
year = {2005},
}

@article{arakawa74,
author = {Arakawa, Akio and Schubert, Wayne Howard},
title = {Interaction of a Cumulus Cloud Ensemble with the Large-Scale Environment, Part I},
journal = {Journal of the Atmospheric Sciences},
volume = {31},
number = {3},
pages = {674-701},
year = {1974},
}

@article{argueso16,
author="Arg{\"u}eso, Daniel
and Di Luca, Alejandro
and Evans, Jason P.",
title="Precipitation over urban areas in the western {Maritime Continent} using a convection-permitting model",
journal="Climate Dynamics",
year="2016",
month="Aug",
day="01",
volume="47",
number="3",
pages="1143--1159",
doi="10.1007/s00382-015-2893-6",
}


@article {arrit89,
author = {Arritt, Raymond W.},
title = {Numerical modelling of the offshore extent of sea breezes},
journal = {Quarterly Journal of the Royal Meteorological Society},
volume = {115},
number = {487},
publisher = {John Wiley & Sons, Ltd},
issn = {1477-870X},
doi = {10.1002/qj.49711548707},
pages = {547--570},
year = {1989},
}

@article{arritt93,
author = { Raymond W.  Arritt },
title = {Effects of the Large-Scale Flow on Characteristic Features of the Sea Breeze},
journal = {Journal of Applied Meteorology},
volume = {32},
number = {1},
pages = {116-125},
year = {1993},
doi = {10.1175/1520-0450(1993)032<0116:EOTLSF>2.0.CO;2},
}

@manual{ascat13,
	title= {Ascat User Manual},
	author={{Royal Netherlands Meteorological Institute}},
	organisation= {European Organisation for the Exploitation of Meteorological Satellites},
	edition= {v1.13},
	year	= {2013},
	month={May},
}

@manual{ascat15,
	title= {Ascat product guide},
	author={{European Organisation for the Exploitation of Meteorological Satellites}},
	organisation= {European Organisation for the Exploitation of Meteorological Satellites},
	address= {Eumetsat-Allee 1, D-64295 Darmstadt, Germany},
	edition= {v5},
	year	= {2015},
	month={July},
}

@article{bentamy12,
author={Bentamy,Abderrahim and Grodsky,Semyon A. and Carton,James A. and Croiz{\'{e}}-Fillon,Denis and Chapron,Bertrand},
year={2012},
title={Matching ASCAT and QuikSCAT winds},
journal={Journal of Geophysical Research.Oceans},
volume={117},
number={2},
keywords={Earth Sciences--Oceanography; Oceanography; Remote sensing; Physical oceanography; Scientific apparatus & instruments},
isbn={21699275},
language={English},
}

@article{bergemann15,
author={Bergemann,Martin and Jakob,Christian and Lane,Todd P.},
year={2015},
month={Sep 15},
title={Global Detection and Analysis of Coastline-Associated Rainfall Using an Objective Pattern Recognition Technique},
journal={Journal of Climate},
volume={28},
number={18},
pages={7225-7236},
isbn={08948755},
language={English},
}

@article{bergemann17,
Author = {Bergemann, Martin and Khouider, Boualem and Jakob, Christian},
Journal = {Journal of Advances in Modeling Earth Systems},
Number = {7},
Pages = {2561 - 2582},
Title = {Coastal Tropical Convection in a Stochastic Modeling Framework},
Volume = {9},
Year = {2017},
}

@article{bister98,
author={Bister,M. and Emanuel,K. A.},
year={1998},
title={Dissipative heating and hurricane intensity},
journal={Meteorology and Atmospheric Physics, Vienna, Austria},
volume={65},
number={3-4},
pages={233-240},
isbn={0177-7971, 0177-7971},
language={English},
}

@article{birch15,
author = {Cathryn E. Birch and Malcolm J. Roberts and Luis Garcia-Carreras and Duncan Ackerley and Michael J. Reeder and Adrian P. Lock and Reinhard Schiemann},
title = {Sea-Breeze Dynamics and Convection Initiation: The Influence of Convective Parameterization in Weather and Climate Model Biases},
journal = {Journal of Climate},
volume = {28},
number = {20},
pages = {8093-8108},
year = {2015}
}

@article{birch16,
author={Birch,C. E. and Webster,S. and Peatman,S. C. and Parker,D. J. and Matthews,A. J. and Li,Y. and Hassim,M. E. E.},
year={2016},
month={Apr 01},
title={Scale Interactions between the {MJO} and the Western {Maritime Continent}},
journal={Journal of Climate},
volume={29},
number={7},
pages={2471-2492},
keywords={Meteorology; Simulation; Studies; Hypotheses; Boundary conditions; Topography; Propagation; Precipitation; Gravitational waves},
isbn={08948755},
language={English},
}

@misc{bomStorms17,
  title = {Severe Storms Archive},
  author = {{Bureau of Meteorology}},
  howpublished = {\url{http://www.bom.gov.au/australia/stormarchive}},
  note = {Accessed 20/04/2017},
  year = {2017}
}

@misc{bomCharts17,
  title = {Analysis Chart Archive},
  author = {{Bureau of Meteorology}},
  howpublished = {\url{http://www.bom.gov.au/australia/charts/archive/}},
  note = {Accessed 17/04/2017},
  year = {2017}
}

@misc{bomFAQ17,
  title = {Radar Frequently Asked Questions},
  author = {{Bureau of Meteorology}},
  howpublished = {\url{http://www.bom.gov.au/australia/radar/about/radarfaq.shtml}},
  note = {Accessed 17/04/2017},
  year = {2017}
}

@misc{bomMjo17,
  title = {{Real Time MJO OLR}},
  author = {{Bureau of Meteorology}},
  howpublished = {\url{http://poama.bom.gov.au/project/maproom/OLR modes/f.5.MJO.html}},
  note = {Accessed 07/07/2017},
  year = {2017}
}

@misc{bomEw17,
  title = {{MJO, ER, Kelvin, and MRG wave}},
  author = {{Bureau of Meteorology}},
  howpublished = {\url{http://poama.bom.gov.au/project/maproom/OLR modes/JA.all.50to20.html}},
  note = {Accessed 07/07/2017},
  year = {2017}
}

@misc{bordermail14,
author = {{The Border Mail}},
title = {Mulwala Tornado Mega Gallery},
publisher = {Fairfax Media},
howpublished = {\url{http://www.bordermail.com.au/story/2165902/mulwala-tornado-mega-gallery/}},
note = {Accessed 09/05/2017},
year = {2014},
}

@article {brown17,
author = {Brown, Andrew L. and Vincent, Claire L. and Lane, Todd P. and Short, Ewan and Nguyen, Hanh},
title = {{Scatterometer estimates of the tropical sea-breeze circulation near Darwin, with comparison to regional models}},
journal = {{Quarterly Journal of the Royal Meteorological Society}},
publisher = {John Wiley & Sons, Ltd},
issn = {1477-870X},
doi = {10.1002/qj.3131},
pages = {n/a--n/a},
keywords = {convection, mesoscale, ASCAT, land-breeze, offshore, WRF, ACCESS, monsoon},
year={2017},
month={October}
}

@article {browning71,
author = {Browning, K. A.},
title = {Radar Measurements of Air Motion Near Fronts},
journal = {Weather},
volume = {26},
number = {7},
publisher = {Blackwell Publishing Ltd},
issn = {1477-8696},
pages = {293--304},
year = {1971},
}


@article{browning86,
author={Browning,Keith A.},
year={1986},
title={Conceptual models of precipitation systems},
journal={Weather and Forecasting, Boston},
volume={1},
number={1},
pages={23-41},
isbn={0882-8156, 0882-8156},
language={English},
}

@article{carslaw13,
	Author = {Carslaw, K. S. and Lee, L. A. and Reddington, C. L. and Pringle, K. J. and Rap, A. and Forster, P. M. and Mann, G. W. and Spracklen, D. V. and Woodhouse, M. T. and Regayre, L. A. and Pierce, J. R.},
	Date = {2013/11/07/print},
	Date-Added = {2016-05-19 03:12:26 +0000},
	Date-Modified = {2016-05-19 03:12:26 +0000},
	Day = {07},
	Isbn = {0028-0836},
	Journal = {Nature},
	L3 = {10.1038/nature12674},
	M3 = {Article},
	Month = {11},
	Number = {7474},
	Pages = {67--71},
	Publisher = {Nature Publishing Group, a division of Macmillan Publishers Limited. All Rights Reserved.},
	Title = {Large contribution of natural aerosols to uncertainty in indirect forcing},
	Ty = {JOUR},
	Volume = {503},
	Year = {2013},
}


@article{carvalho14,
Author = {Carvalho, D. and Rocha, A. and Gomez-Gesteira, M. and Silva Santos, C.},
Title = {{Comparison of reanalyzed, analyzed, satellite-retrieved and NWP modelled
   winds with buoy data along the Iberian Peninsula coast}},
Journal = {{Remote Sensing of Environment}},
Year = {{2014}},
Volume = {{152}},
Pages = {{480-492}},
Month = {{September}},
DOI = {{10.1016/j.rse.2014.07.017}},
ISSN = {{0034-4257}},
}

@article{catto12,
author={Catto,J. L. and Jakob,C. and Berry,G. and Nicholls,N.},
year={2012},
month={May 18},
title={Relating global precipitation to atmospheric fronts},
journal={Geophysical Research Letters},
volume={39},
number={10},
isbn={0094-8276, 0094-8276},
language={English},
}

@article{catto15,
author={Catto,Jennifer L. and Madonna,Erica and Joos,Hanna and Rudeva,Irina and Simmonds,Ian},
year={2015},
month={Nov 01},
title={Global Relationship between Fronts and Warm Conveyor Belts and the Impact on Extreme Precipitation *},
journal={Journal of Climate},
volume={28},
number={21},
pages={8411-8429},
keywords={Meteorology; Cyclones; Climate; Studies; Cold},
isbn={08948755},
language={English},
}

@article{coffer17,
author = {Brice E. Coffer and Matthew D. Parker},
title = {Simulated Supercells in Nontornadic and Tornadic VORTEX2 Environments},
journal = {Monthly Weather Review},
volume = {145},
number = {1},
pages = {149-180},
year = {2017},
}

@article{chang05,
author = {C-P.  Chang  and  Zhuo  Wang  and  John  McBride  and  Ching-Hwang  Liu },
title = {Annual Cycle of Southeast Asiaâ€”Maritime Continent Rainfall and the Asymmetric Monsoon Transition},
journal = {Journal of Climate},
volume = {18},
number = {2},
pages = {287-301},
year = {2005},
}

@article{chang05b,
author = { C-P.  Chang  and  P. A.  Harr  and  H-J.  Chen },
title = {Synoptic Disturbances over the Equatorial South China Sea and Western Maritime Continent during Boreal Winter},
journal = {Monthly Weather Review},
volume = {133},
number = {3},
pages = {489-503},
year = {2005},
doi = {10.1175/MWR-2868.1},
}

@article{cheang77,
author="Cheang, Boon Khean",
title="Synoptic features and structures of some equatorial vortices over the South China Sea in the Malaysian region during the winter monsoon, December 1973",
journal="pure and applied geophysics",
year="1977",
month="Sep",
day="01",
volume="115",
number="5",
pages="1303--1333",
}

@article{charlson92,
author={Charlson,R. J. and Schwartz,S. E. and al,et},
year={1992},
month={Jan 24},
title={Climate Forcing by Anthropogenic Aerosols},
journal={Science},
volume={255},
number={5043},
pages={423},
note={Copyright - Copyright American Association for the Advancement of Science Jan 24, 1992; Last updated - 2014-05-30; CODEN - SCIEAS},
keywords={Technology: Comprehensive Works; Research; Greenhouse effect; Gases; Climate; Atmosphere; Air pollution},
isbn={00368075},
language={English},
}

@misc{chaserRadar17,
  title = {Severe Storms Archive},
  author = {{Bureau of Meteorology}},
  howpublished = {\url{http://www.bom.gov.au/australia/stormarchive}},
  note = {Accessed 20/04/2017},
  year = {2017}
}

@article{chen97,
author = {Chen, Shuyi S. and Houze, Robert A.},
title = {Diurnal variation and life-cycle of deep convective systems over the tropical {Pacific} warm pool},
journal = {Quarterly Journal of the Royal Meteorological Society},
volume = {123},
number = {538},
publisher = {John Wiley & Sons, Ltd},
pages = {357--388},
keywords = {Convective cloud cover, â€˜Diurnal dancingâ€™, Intra-seasonal oscillation, Tropical cloud systems, Two-day waves},
year = {1997},
}

@article{chen16,
Author = {Chen, Jingyi and Liu, Yangang and Zhang, Minghua and Peng, Yiran},
Title = {{New understanding and quantification of the regime dependence of
   aerosol-cloud interaction for studying aerosol indirect effects}},
Journal = {{GEOPHYSICAL RESEARCH LETTERS}},
Year = {{2016}},
Volume = {{43}},
Number = {{4}},
Pages = {{1780-1787}},
Month = {{FEB 28}},
DOI = {{10.1002/2016GL067683}},
ISSN = {{0094-8276}},
EISSN = {{1944-8007}},
Unique-ID = {{ISI:000373109000048}},
}


@article{chin98,
author={Chin,Toshio M. and Milliff,Ralph F. and Large,William G.},
year={1998},
month={06},
title={Basin-Scale, High-Wavenumber Sea Surface Wind Fields from a Multiresolution Analysis of Scatterometer Data},
journal={Journal of Atmospheric and Oceanic Technology},
volume={15},
number={3},
pages={741-763},
isbn={0739-0572},
language={English},
}

@article{christensen97,
author = {William F. Christensen and Alvin C Rencher},
title = {{A comparison of type I error rates and power levels for seven solutions to the multivariate Behrens-Fisher problem}},
journal = {Communications in Statistics - Simulation and Computation},
volume = {26},
number = {4},
pages = {1251-1273},
year = {1997},
}

@misc{cnes17,
  title = {{IASI}},
  author = {{Centre National D'etudes Spatiales}},
  howpublished = {https://iasi.cnes.fr/},
  note = {Accessed 22/06/2017},
  year = {2017}
}

@article{cronin14,
author = {Cronin, Timothy W.},
title = {On the Choice of Average Solar Zenith Angle},
journal = {Journal of the Atmospheric Sciences},
year = {{2014}},
volume = {{71}},
number = {{8}},
pages = {{2994-3003}},
month = {August},
}

@article{crossman10,
author="Crosman, Erik T.
and Horel, John D.",
title="Sea and Lake Breezes: A Review of Numerical Studies",
journal="Boundary-Layer Meteorology",
year="2010",
volume="137",
number="1",
pages="1--29",
issn="1573-1472",
doi="10.1007/s10546-010-9517-9",
}

@article{dai99,
author={Dai,Aiguo and Deser,Clara},
year={1999},
title={Diurnal and semidiurnal variations in global surface wind and divergence fields},
journal={Journal of Geophysical Research},
volume={104},
pages={31109-31125},
isbn={0148-0227, 0148-0227},
language={English},
}

@article{dai99b,
author = {Aiguo  Dai  and  Junhong  Wang },
title = {Diurnal and Semidiurnal Tides in Global Surface Pressure Fields},
journal = {Journal of the Atmospheric Sciences},
volume = {56},
number = {22},
pages = {3874-3891},
year = {1999},
doi = {10.1175/1520-0469(1999)056<3874:DASTIG>2.0.CO;2}
}

@article{dalu89,
author = { Gianni A.  Dalu  and  Roger A.  Pielke },
title = {An Analytical Study of the Sea Breeze},
journal = {Journal of the Atmospheric Sciences},
volume = {46},
number = {12},
pages = {1815-1825},
year = {1989},
}

@article{dee11,
author = {D. P. Dee and S. M. Uppala and A. J. Simmons and P. Berrisford and P. Poli and S. Kobayashi and U. Andrae and M. A. Balmaseda and G. Balsamo and P. Bauer and P. Bechtold and A. C. M. Beljaars and L. van de Berg and J. Bidlot and N. Bormann and C. Delsol and R. Dragani and M. Fuentes and A. J. Geer and L. Haimberger and S. B. Healy and H. Hersbach and E. V. H\'{o}lm and L. Isaksen and P. K\"{a}llberg and M. K\"{o}hler and M. Matricardi and A. P. McNally and B. M. Monge-Sanz and J.-J. Morcrette and B.-K. Park and C. Peubey and P. de Rosnay and C. Tavolato and J.-N. Th\'{e}paut and F. Vitart},
title = {The ERA-Interim reanalysis: configuration and performance of the data assimilation system},
journal = {Quarterly Journal of the Royal Meteorological Society},
volume = {137},
number = {656},
pages = {553-597},
doi = {10.1002/qj.828},
year = {2011},
month = {April}
}

@article{deser94,
author = {Deser, Clara},
title = {Daily surface wind variations over the equatorial Pacific Ocean},
journal = {Journal of Geophysical Research: Atmospheres},
volume = {99},
number = {D11},
issn = {2156-2202},
doi = {10.1029/94JD02155},
pages = {23071--23078},
keywords = {Meteorology and Atmospheric Dynamics: Tropical meteorology, Meteorology and Atmospheric Dynamics: Climatology, Meteorology and Atmospheric Dynamics: Ocean-atmosphere interactions, Meteorology and Atmospheric Dynamics: Waves and tides},
year = {1994},
}

@article{deser98,
author = {Clara  Deser  and  Catherine A.  Smith },
title = {Diurnal and Semidiurnal Variations of the Surface Wind Field over the Tropical Pacific Ocean},
journal = {Journal of Climate},
volume = {11},
number = {7},
pages = {1730-1748},
year = {1998},
doi = {10.1175/1520-0442(1998)011<1730:DASVOT>2.0.CO;2},
}

@article{dommenget02,
author = {Dietmar  Dommenget  and  Mojib  Latif },
title = {{A Cautionary Note on the Interpretation of EOFs}},
journal = {Journal of Climate},
volume = {15},
number = {2},
pages = {216-225},
year = {2002},
}

@article{donelan87,
author={Donelan,Mark A. and Pierson,Willard J.,Jr},
year={1987},
title={Radar scattering and equilibrium ranges in wind-generated waves with application to scatterometry},
journal={Journal of Geophysical Research, Wash., D.C.},
volume={92},
pages={4971-5029},
isbn={0148-0227, 0148-0227},
language={English},
}

@book{donner11,
Author = {Donner, Leo Joseph and Schubert, Wayne H. and Somerville, Richard},
Publisher = {Cambridge University Press},
Title = {The development of atmospheric general circulation models: complexity, synthesis, and computation},
Year = {2011},
}

@article{dorrestijn15,
author = {Jesse Dorrestijn and Daan T. Crommelin and A. Pier Siebesma and Harmen J. J. Jonker and Christian Jakob},
title = {Stochastic Parameterization of Convective Area Fractions with a Multicloud Model Inferred from Observational Data},
journal = {Journal of the Atmospheric Sciences},
volume = {72},
number = {2},
pages = {854-869},
year = {2015},
doi = {10.1175/JAS-D-14-0110.1},
}

@article {drobinski11,
author = {Drobinski, Philippe and Rotunno, Richard and Dubos, Thomas},
title = {Linear theory of the sea breeze in a thermal wind},
journal = {Quarterly Journal of the Royal Meteorological Society},
volume = {137},
number = {659},
publisher = {John Wiley & Sons, Ltd.},
issn = {1477-870X},
doi = {10.1002/qj.847},
pages = {1602--1609},
year = {2011},
}

@article{du15,
author={Du,Yu and Rotunno,Richard},
year={2015},
month={07},
title={Thermally Driven Diurnally Periodic Wind Signals off the East Coast of China},
journal={Journal of the Atmospheric Sciences},
volume={72},
number={7},
pages={2806-2821},
keywords={Meteorology; Studies; Weather; Coasts; Offshore; Wind; Propagation; Datasets},
isbn={00224928},
language={English},
}

@article{du18,
author = {Yu Du and Richard Rotunno},
title = {Diurnal Cycle of Rainfall and Winds near the South Coast of China},
journal = {Journal of the Atmospheric Sciences},
year = {2018},
doi = {10.1175/JAS-D-17-0397.1},
}

@INPROCEEDINGS{ebuchi15,
author={N. Ebuchi},
booktitle={2015 IEEE International Geoscience and Remote Sensing Symposium (IGARSS)},
title={Evaluation of marine vector winds observed by RapidScat on the international space station using statistical distribution},
year={2015},
pages={4901-4904},
keywords={error analysis;statistical distributions;wind;ISS;RAPIDSCAT;RSCAT;RapidScat;buoy data;global histograms;international space station;marine vector wind evaluation;scatterometer missions;statistical distribution;wind speed data;Histograms;Oceans;Radar measurements;Spaceborne radar;Statistical distributions;Wind speed;RSCAT;RapidScat;Scatterometer;ocean vector wind;validation},
doi={10.1109/IGARSS.2015.7326930},
ISSN={2153-6996},
month={July},}

@article{efimov11,
author="Efimov, V. V.
and Barabanov, V. S.
and Krupin, A. V.",
title="Development of the sea breeze as a gravity current in the atmosphere over the Crimea",
journal="Russian Meteorology and Hydrology",
year="2011",
month="Oct",
day="14",
volume="36",
number="9",
pages="590",
doi="10.3103/S1068373911090032",
}


@article{emanuel89,
author = {Kerry A.  Emanuel },
title = {The Finite-Amplitude Nature of Tropical Cyclogenesis},
journal = {Journal of the Atmospheric Sciences},
volume = {46},
number = {22},
pages = {3431-3456},
year = {1989},
}

@article{emanuel95,
Author = {Emanuel, K.A},
Title = {The behavior of a simple hurricane model using a convective scheme based on subcloud-layer entropy equilibrium},
Journal = {Journal of Atmospheric Sciences},
Year = {{1995}},
Volume = {{52}},
Number = {{22}},
Pages = {{3960-3968}},
Month = {{NOV 15}},
}

@article{emanuel03,
Author = {Emanuel, Kerry},
Journal = {{Annual Review of Earth \& Planetary Sciences}},
Keywords = {CYCLONES, GEOPHYSICS, FLUID dynamics, CLIMATOLOGY, TROPICS},
Number = {1},
Pages = {75},
Title = {TROPICAL CYCLONES.},
Volume = {31},
Year = {2003},
}

@misc{era17,
  title = {Public Datasets},
  author = {{European Centre for Medium-Range Weather Forecasts}},
  howpublished = {\url{http://apps.ecmwf.int/datasets/}},
  note = {Accessed 22/04/2017},
  year = {2017}
}
ï»¿
@article{estoque61,
Author = {Estoque, M},
Title = {A Theoretical Investigation of the Sea Breeze},
Journal = {Quarterly Journal of the Royal Meteorological Society},
Year = {1961},
Volume = {87},
Number = {372},
Pages = {136-146},
}

@article{everitt79,
author = {Brian S. Everitt},
journal = {Journal of the American Statistical Association},
number = {365},
pages = {48-51},
title = {{A Monte Carlo investigation of the robustness of Hotelling's one and two-sample $T^2$ Tests}},
volume = {74},
year = {1979}
}

@misc{eohy17,
title={{HY-2A (Haiyang-2A) / Ocean-2A}},
author={{Earth Observation Portal}},
howpublished = {\url{https://directory.eoportal.org/web/eoportal/satellite-missions/h/hy-2a}},
  note = {Accessed 01/06/2017},
  year = {2017}
}

@misc{eometop17,
title={{MetOp (Meteorological Operational Satellite Program of Europe)}},
author={{Earth Observation Portal}},
howpublished = {\url{https://directory.eoportal.org/web/eoportal/satellite-missions/m/metop}},
  note = {Accessed 01/06/2017},
  year = {2017}
}

@article{fan13,
author={Fan,Xingang and Krieger,Jeremy R. and Zhang,Jing and Zhang,Xiangdong},
year={2013},
month={07},
title={Assimilating QuikSCAT Ocean Surface Winds with the Weather Research and Forecasting Model for Surface Wind-Field Simulation over the Chukchi/Beaufort Seas},
journal={Boundary Layer Meteorology},
volume={148},
number={1},
pages={207-226},
language={English},
}

@article{fierro09,
author={Fierro,Alexandre O. and Simpson,Joanne and LeMone,Margaret A. and Straka,Jerry M. and Smull,Bradley F.},
year={2009},
month={09},
title={On How Hot Towers Fuel the Hadley Cell: An Observational and Modeling Study of Line-Organized Convection in the Equatorial Trough from TOGA COARE},
journal={Journal of the Atmospheric Sciences},
volume={66},
number={9},
pages={2730-2732,2734-2746},
keywords={Meteorology; Clouds; Atmosphere; Research ships; Data collection; Boundary layer},
isbn={00224928},
language={English},
}

@article{forest02,
author={Forest,Chris E. and Stone,Peter H. and Sokolov,Andrei P. and Allen,Myles R. and Webster,Mort D.},
year={2002},
month={Jan 04},
title={Quantifying uncertainties in climate system properties with the use of recent climate observations},
journal={Science},
volume={295},
number={5552},
pages={113-7},
keywords={Technology: Comprehensive Works; Climate change; Probability; Simulation},
isbn={00368075},
language={English},
}

@article{gille03,
author={Gille,S. T. and Smith,SGL and Lee,S. M.},
year={2003},
month={02},
title={{Measuring the sea breeze from QuikSCAT Scatterometry}},
journal={Geophysical Research Letters},
volume={30},
number={3},
isbn={0094-8276, 0094-8276},
language={English},
}

@article{gille05,
Author = {Gille, ST and Smith, SGL and Statom, NM},
Title = {{Global observations of the land breeze}},
Journal = {{Geophysical Research Letters}},
Year = {{2005}},
Volume = {{32}},
Number = {{5}},
Month = {{MAR 4}},
DOI = {{10.1029/2004GL022139}},
}

@article{gray68,
author = {Gray, William M.},
title = {Global View of the Origin of Tropical Disturbances and Storms},
journal = {Monthly Weather Review},
volume = {96},
number = {10},
pages = {669-700},
year = {1968},
}

@article{gray77,
author={Gray, W. M. and Jacobson, R. W.,J R.},
year={1977},
title={Diurnal variation of deep cumulus convection},
journal={Monthly Weather Review},
volume={105},
pages={1171-1188},
isbn={0027-0644, 0027-0644},
language={English},
}

@article{grodsky12,
author={Grodsky,Semyon A. and Kudryavtsev,Vladimir N. and Bentamy,Abderrahim and Carton,James A. and Chapron,Bertrand},
year={2012},
title={Does direct impact of SST on short wind waves matter for scatterometry?},
journal={Geophysical Research Letters},
volume={39},
number={12},
keywords={Earth Sciences--Geophysics; Oceanography; Remote sensing; Physical oceanography},
isbn={00948276},
language={English},
accountid=12372},
}

@article{hagos16,
Author = {Hagos, Samson M. and Zhang, Chidong and Feng, Zhe and Burleyson, Casey
   D. and De Mott, Charlotte and Kerns, Brandon and Benedict, James J. and
   Martini, Matus N.},
Title = {{The impact of the diurnal cycle on the propagation of Madden-Julian
   Oscillation convection across the Maritime Continent}},
Journal = {{Journal of Advances in Modeling Earth Systems}},
Year = {{2016}},
Volume = {{8}},
Number = {{4}},
Pages = {{1552-1564}},
Month = {{DEC}},
}

@incollection{hanxin89,
author="Hanxin, Zhang",
editor="Dwoyer, D. L. and Hussaini, M. Y. and Voigt, R. G.",
title="Spurious oscillation of finite difference solutions near shock waves and a new formulation of {``TVD''} scheme",
bookTitle="11th International Conference on Numerical Methods in Fluid Dynamics",
year="1989",
publisher="Springer Berlin Heidelberg",
address="Berlin, Heidelberg",
pages="302--305",
}


@article{hassim16,
AUTHOR = {Hassim, M. E. E. and Lane, T. P. and Grabowski, W. W.},
TITLE = {The diurnal cycle of rainfall over {New Guinea} in convection-permitting {WRF} simulations},
JOURNAL = {Atmospheric Chemistry and Physics},
VOLUME = {16},
YEAR = {2016},
NUMBER = {1},
PAGES = {161--175},
DOI = {10.5194/acp-16-161-2016}
}

@article{haurwitz47,
author = { B.  Haurwitz },
title = {COMMENTS ON THE SEA-BREEZE CIRCULATION},
journal = {Journal of Meteorology},
volume = {4},
number = {1},
pages = {1-8},
year = {1947},
doi = {10.1175/1520-0469(1947)004<0001:COTSBC>2.0.CO;2},
}

@article{hendon93,
Author = {Hendon, H and Woodberry, K},
Title = {The Diurnal Cycle of Tropical Convection},
Journal = {Journal of Geophysical Research-Atmospheres},
Year = {{1993}},
Volume = {{98}},
Number = {{D9}},
Pages = {{16623-16637}},
Month = {{SEP 20}},
}

@article{hendon07,
author={Hendon,Harry H. and Thompson,David W. J. and Wheeler,Matthew C.},
year={2007},
month={Jun 01},
title={Australian Rainfall and Surface Temperature Variations Associated with the Southern Hemisphere Annular Mode},
journal={Journal of Climate},
volume={20},
number={11},
pages={2452-2454,2456-2467},
language={English},
}

@misc{heraldsun13,
author = {Evans, Jessica and Marie, Erin},
title = {Tornadoes and powerful storms hit Victoria's northeast},
publisher = {News Corp Australia},
howpublished = {\url{http://www.heraldsun.com.au/news/tornadoes-and-powerful-storms-hit-victorias-northeast/news-story/2216f967c0f23c7baa696e8e7539ab13}},
note = {Accessed 09/05/2017},
year = {2013},
month = {March}
}

@article{hoffman05,
author={Hoffman,Ross N. and Leidner,S. M.},
year={2005},
month={08},
title={An Introduction to the Near-Real-Time QuikSCAT Data},
journal={Weather and Forecasting},
volume={20},
number={4},
pages={476-493},
isbn={08828156},
language={English},
}

@book{hollander14,
Author = {Hollander, Myles and Wolfe, Douglas A. and Chicken, Eric},
Publisher = {Wiley},
Series = {{Wiley Series in Probability and Statistics}},
Title = {{Nonparametric Statistical Methods}},
Year = {2014},
}

@book{holton04,
  title={An Introduction to Dynamic Meteorology},
  author={Holton, J.R.},
  number={v. 1},
  isbn={9780123540157},
  lccn={2004044072},
  year={2004},
  publisher={Elsevier Academic Press}
}

@article{houze81,
author={Houze,Robert A.,Jr},
year={1981},
title={{Winter monsoon convection in the vicinity of North Borneo, Pt. 1, Structure and time variation of the clouds and precipitation}},
journal={Monthly Weather Review, Boston},
volume={109},
number={8},
pages={1595-1614},
isbn={0027-0644, 0027-0644},
language={English},
}

@article {houze04,
author = {Houze, Robert A.,Jr},
title = {Mesoscale convective systems},
journal = {Reviews of Geophysics},
volume = {42},
number = {4},
issn = {1944-9208},
doi = {10.1029/2004RG000150},
year = {2004},
note = {RG4003},
}

@book{houze14,
Author = {Houze, Jr., Robert A.},
Publisher = {Elsevier Science},
Series = {International Geophysics: v.104},
Title = {Cloud Dynamics},
Year = {2014},
}

@article{hou14,
author = {Arthur Y.  Hou  and  Ramesh K.  Kakar  and  Steven  Neeck  and  Ardeshir A.  Azarbarzin  and  Christian D.  Kummerow  and  Masahiro  Kojima  and  Riko  Oki  and  Kenji  Nakamura  and  Toshio  Iguchi },
title = {The Global Precipitation Measurement Mission},
journal = {Bulletin of the American Meteorological Society},
volume = {95},
number = {5},
pages = {701-722},
year = {2014}
}

@article{hsu98,
 author = {S. A. Hsu and Zhongde Yan},
 journal = {Journal of Coastal Research},
 number = {2},
 pages = {667-668},
 publisher = {Coastal Education & Research Foundation, Inc.},
 title = {A Note on the Radius of Maximum Wind for Hurricanes},
 volume = {14},
 year = {1998}
}


@article{hyder11,
Author = {Hyder, P. and Simpson, J. H. and Xing, J. and Gille, S. T.},
Title = {{Observations over an annual cycle and simulations of wind-forced
   oscillations near the critical latitude for diurnal-inertial resonance}},
Journal = {{Continental Shelf Research}},
Year = {{2011}},
Volume = {{31}},
Number = {{15}},
Pages = {{1576-1591}},
Month = {{OCT 1}},
DOI = {{10.1016/j.csr.2011.06.001}},
ISSN = {{0278-4343}},
Unique-ID = {{ISI:000295434700003}},
}

@article{ichikawa06,
author = { Hiroki  Ichikawa  and  Tetsuzo  Yasunari },
title = {{Timeâ€“Space Characteristics of Diurnal Rainfall over Borneo and Surrounding Oceans as Observed by TRMM-PR}},
journal = {Journal of Climate},
volume = {19},
number = {7},
pages = {1238-1260},
year = {2006},
}

@article{ichikawa08,
author={Ichikawa,Hiroki and Yasunari,Tetsuzo},
year={2008},
month={Jun},
title={Intraseasonal Variability in Diurnal Rainfall over {New Guinea} and the Surrounding Oceans during Austral Summer},
journal={Journal of Climate},
volume={21},
number={12},
pages={2852--2865, 2867--2868},
keywords={Meteorology; Satellites; Islands; Infrared radiation; Changes; New Guinea},
isbn={08948755},
language={English},
}

@article{igel18,
author = {Igel, Adele L. and van den Heever, Susan C. and Johnson, Jill S.},
title = {Meteorological and Land Surface Properties Impacting Sea Breeze Extent and Aerosol Distribution in a Dry Environment},
journal = {Journal of Geophysical Research: Atmospheres},
volume = {123},
number = {1},
doi = {10.1002/2017JD027339},
pages = {22--37},
year = {2018},
}

@manual{iguchi10,
author={Iguchi, Toshio and Seto, Shinta and Meneghini, Robert and Yoshida, Naofumi and Awakaka, Jun and Kubota, Takuji},
year={2010},
month={December},
title={{GPM/DPR Level-2 Algorithm Theoretical Basis Document}},
institution={{National Aeronautics and Space Administration}}
}

@misc{inCites17,
title={{InCites Journal Citation Reports}},
author={{Thomson Reuters}},
howpublished = {\url{https://jcr.incites.thomsonreuters.com}},
note = {Accessed 18/07/2017},
year = {2017}
}

@book{isro07,
author={{Indian Space Research Organisation}},
year={2007},
month={September},
title={Oceansat-2},
publisher = {{Publications and Public Relations ISRO Headquarters}},
}

@article{janowiak94,
author = {John E.  Janowiak  and  Phillip A.  Arkin  and  Mark  Morrissey },
title = {An Examination of the Diurnal Cycle in Oceanic Tropical Rainfall Using Satellite and In Situ Data},
journal = {Monthly Weather Review},
volume = {122},
number = {10},
pages = {2296-2311},
year = {1994},
}

@article{jiang10,
author={Jiang,Haiyan and Zipser,Edward J.},
year={2010},
month={Mar 15},
title={Contribution of Tropical Cyclones to the Global Precipitation from Eight Seasons of TRMM Data: Regional, Seasonal, and Interannual Variations},
journal={Journal of Climate},
volume={23},
number={6},
pages={1526-1537, 1539-1543},
keywords={Meteorology; Islands; Studies; Remote sensing; Basins; Coasts; Data bases; Baja California Mexico},
isbn={08948755},
language={English},
}

@article{jiang12,
author={Jiang,Qingfang},
year={2012},
month={05},
title={On Offshore Propagating Diurnal Waves},
journal={Journal of the Atmospheric Sciences},
volume={69},
number={5},
pages={1562-1581},
keywords={Meteorology; Atmosphere; Wind; Oceans; Satellites; Atmospheric boundary layer; Fourier transforms},
isbn={00224928},
language={English},
}

@article{jiang12b,
author={Jiang,Qingfang},
year={2012},
month={06},
title={A Linear Theory of Three-Dimensional Land-Sea Breezes},
journal={Journal of the Atmospheric Sciences},
volume={69},
number={6},
pages={1890-1909},
language={English},
}

@article {jones11,
author = {Jones, Charles and Carvalho, Leila M. V.},
title = {Will global warming modify the activity of the Madden-Julian Oscillation?},
journal = {Quarterly Journal of the Royal Meteorological Society},
volume = {137},
number = {655},
publisher = {John Wiley & Sons, Ltd.},
issn = {1477-870X},
doi = {10.1002/qj.765},
pages = {544--552},
keywords = {intraseasonal variability, MJO, climate change},
year = {2011},
}

@article{kain1990,
author={Kain,John S. and Fritsch,J. M.},
year={1990},
title={A one-dimensional entraining/detraining plume model and its application in convective parameterization},
journal={Journal of the Atmospheric Sciences, Boston, MA},
volume={47},
number={23},
pages={2784-2802},
isbn={0022-4928, 0022-4928},
language={English},
}

@article{karagali13,
title = "Spatial and temporal variability of winds in the Northern {European} Seas ",
journal = "Renewable Energy ",
volume = "57",
number = "",
pages = {200-210},
year = "2013",
author = "Ioanna Karagali and Merete Badger and Andrea N. Hahmann and Alfredo PeÃ±a and Charlotte B. Hasager and Anna Maria Sempreviva",
}


@article{kasuda83,
author = {M.  Kusuda  and  P.  Alpert },
title = {Anti-Clockwise Rotation of the Wind Hodograph. Part I: Theoretical Study},
journal = {Journal of the Atmospheric Sciences},
volume = {40},
number = {2},
pages = {487-499},
year = {1983},
}

@article{keenan00,
author = {T. Keenan  and  P.  May  and  G.  Holland  and  S.  Rutledge  and  R.  Carbone  and  J.  Wilson  and  M.  Moncrieff  and  A.  Crook  and  T.  Takahashi  and  N.  Tapper  and  M.  Platt  and  J.  Hacker  and  S.  Sekelsky  and  K.  Saito  and  K.  Gage },
title = {{The Maritime Continent Thunderstorm Experiment  (MCTEX): Overview and Some Results}},
journal = {Bulletin of the American Meteorological Society},
volume = {81},
number = {10},
pages = {2433-2455},
year = {2000},
}

@article {kiladis09,
author = {Kiladis, George N. and Wheeler, Matthew C. and Haertel, Patrick T. and Straub, Katherine H. and Roundy, Paul E.},
title = {Convectively coupled equatorial waves},
journal = {Reviews of Geophysics},
volume = {47},
number = {2},
issn = {1944-9208},
doi = {10.1029/2008RG000266},
year = {2009},
}

@article {kilpatrick17,
author = {Kilpatrick, Thomas and Xie, Shang-Ping and Nasuno, Tomoe},
title = {{Diurnal convection-wind coupling in the Bay of Bengal}},
journal = {Journal of Geophysical Research: Atmospheres},
volume = {122},
number = {18},
issn = {2169-8996},
doi = {10.1002/2017JD027271},
pages = {9705--9720},
keywords = {Land/atmosphere interactions, Precipitation, Remote sensing, Tropical convection, diurnal cycle, Bay of Bengal, precipitation, sea breeze, gravity waves},
year = {2017},
}

@article{king15,
author={King,Andrew D. and Donat,Markus G. and Alexander,Lisa V. and Karoly,David J.},
year={2015},
month={05},
title={The ENSO-Australian rainfall teleconnection in reanalysis and CMIP5},
journal={Climate Dynamics},
volume={44},
number={9-10},
pages={2623-2635},
isbn={09307575},
language={English},
}

@article{kikuchi08,
author = {Kazuyoshi  Kikuchi  and  Bin  Wang },
title = {Diurnal Precipitation Regimes in the Global Tropics},
journal = {Journal of Climate},
volume = {21},
number = {11},
pages = {2680-2696},
year = {2008},
}

@article{knaff04,
author={Knaff,John A. and Seseske,Stacey A. and DeMaria,Mark and Demuth,Julie L.},
year={2004},
month={10},
title={On the Influences of Vertical Wind Shear on Symmetric Tropical Cyclone Structure Derived from AMSU},
journal={Monthly Weather Review},
volume={132},
number={10},
pages={2503-2510},
language={English},
}

@article{kossin14,
author={Kossin,James P. and Emanuel,Kerry A. and Vecchi,Gabriel A.},
year={2014},
month={May 15},
title={The poleward migration of the location of tropical cyclone maximum intensity},
journal={Nature},
volume={509},
number={7500},
pages={349-352},
language={English},
}

@article{khouider09,
author = {Khouider, Boualem and Biello, Joseph and J. Majda, Andrew},
year = {2009},
month = {02},
pages = {187-216},
title = {A stochastic multicloud model for tropical convection},
volume = {8},
booktitle = {Communications in Mathematical Sciences}
}

@article{jonker08,
author={Jonker,Harm J. J. and Heus,Thijs and Sullivan,Peter P.},
year={2008},
month={05},
title={A refined view of vertical mass transport by cumulus convection},
journal={Geophysical Research Letters},
volume={35},
number={7},
isbn={0094-8276, 0094-8276},
language={English},
}

@misc{laing16,
  title = {Introduction to Tropical Meteorology},
  author = {A. Laing and J. L. Evans},
  howpublished = {\url{http://www.meted.ucar.edu/tropical/textbook_2nd_edition/}},
  note = {Accessed 03/08/2017},
  year = {2017}
}

@article{lane01,
author = {Todd P.  Lane  and  Michael J.  Reeder  and  Terry L.  Clark},
title = {Numerical Modeling of Gravity Wave Generation by Deep Tropical Convection},
journal = {Journal of the Atmospheric Sciences},
volume = {58},
number = {10},
pages = {1249-1274},
year = {2001},
doi = {10.1175/1520-0469(2001)058<1249:NMOGWG>2.0.CO;2},  
}

@article{lane01b,
author = {Todd P.  Lane  and  Michael J.  Reeder},
title = {Convectively Generated Gravity Waves and Their Effect on the Cloud Environment},
journal = {Journal of the Atmospheric Sciences},
volume = {58},
number = {16},
pages = {2427-2440},
year = {2001},
doi = {10.1175/1520-0469(2001)058<2427:CGGWAT>2.0.CO;2},
}

@article{larcombe16,
author = {Wendy Larcombe and Sue Finch and Rachel Sore and Christina M. Murray and Sandra Kentish and Raoul A. Mulder and Parshia Lee-Stecum and Chi Baik and Orania Tokatlidis and David A. Williams},
title = {{Prevalence and socio-demographic correlates of psychological distress among students at an Australian university}},
journal = {Studies in Higher Education},
volume = {41},
number = {6},
pages = {1074-1091},
year = {2016},
}

@article{laprise92,
	Author = {Laprise, Ren{\'e}},
	Booktitle = {Monthly Weather Review},
	Da = {1992/01/01},
	Isbn = {0027-0644},
	Journal = {Monthly Weather Review},
	Journal1 = {Mon. Wea. Rev.},
	Month = {February},
	Number = {1},
	Pages = {197--207},
	Publisher = {American Meteorological Society},
	Title = {The Euler Equations of Motion with Hydrostatic Pressure as an Independent Variable},
	Volume = {120},
	Year = {1992},
}

@book{lauritzen11,
    address = {Berlin, Heidelberg},
    doi = {10.1007/978-3-642-11640-7},
    editor = {Lauritzen, Peter and Jablonowski, Christiane and Taylor, Mark and Nair, Ramachandran},
    isbn = {978-3-642-11639-1},
    priority = {2},
    publisher = {Springer Berlin Heidelberg},
    title = {{Numerical Techniques for Global Atmospheric Models}},
    volume = {80},
    year = {2011}
}

@article{leung03,
author = { L. Ruby  Leung  and  Yun  Qian },
title = {The Sensitivity of Precipitation and Snowpack Simulations to Model Resolution via Nesting in Regions of Complex Terrain},
journal = {Journal of Hydrometeorology},
volume = {4},
number = {6},
pages = {1025-1043},
year = {2003},
doi = {10.1175/1525-7541(2003)004<1025:TSOPAS>2.0.CO;2},
}

@article{li10b,
	Author = {Li, King-Fai and Tian, Baijun and Waliser, Duane E and Yung, Yuk L},
	Journal = {Proceedings of the National Academy of Sciences of the United States of America},
	Month = {11},
	Number = {45},
	Pages = {19171--19175},
	Title = {Tropical mid-tropospheric CO(2) variability driven by the Madden-Julian oscillation},
	Volume = {107},
	Year = {2010}
}

@article{liu96,
author = {Changhai  Liu  and  Mitchell W.  Moncrieff},
title = {A Numerical Study of the Effects of Ambient Flow and Shear On Density Currents},
journal = {Monthly Weather Review},
volume = {124},
number = {10},
pages = {2282-2303},
year = {1996},
doi = {10.1175/1520-0493(1996)124<2282:ANSOTE>2.0.CO;2},
}

@article{liu02,
author={Liu,W. T.},
year={2002},
month={02},
title={Progress in Scatterometer Application},
journal={Journal of Oceanography},
volume={58},
number={1},
pages={121-136},
keywords={Earth Sciences--Oceanography; Ocean-atmosphere interaction},
isbn={09168370},
language={English},
}

@article {lindzen67,
author = {Lindzen, R. S.},
title = {Thermally driven diurnal tide in the atmosphere},
journal = {Quarterly Journal of the Royal Meteorological Society},
volume = {93},
number = {395},
publisher = {John Wiley & Sons, Ltd},
issn = {1477-870X},
doi = {10.1002/qj.49709339503},
pages = {18--42},
year = {1967},
}

@article{li10,
author={Li,Weibiao and Luo,Cong and Wang,Dongxiao and Lei,Ting},
year={2010},
month={11},
title={Diurnal variations of precipitation over the South China Sea},
journal={Meteorology and Atmospheric Physics},
volume={109},
number={1-2},
pages={33-46},
keywords={Meteorology; Precipitation; South China Sea},
isbn={01777971},
language={English},
}

@article{li12,
author={Li,Yanping and Carbone,R. E.},
year={2012},
month={10},
title={Excitation of Rainfall over the Tropical Western Pacific},
journal={Journal of the Atmospheric Sciences},
volume={69},
number={10},
pages={2983-2994},
keywords={Meteorology; Atmosphere; Atmospheric sciences},
isbn={00224928},
language={English},
}

@article{li16,
Author = {Li, YaoKun and Chao, JiPing},
ISSN = {00224928},
Journal = {Journal of the Atmospheric Sciences},
Number = {1},
Pages = {41 - 54},
Title = {An Analytical Solution for Three-Dimensional Sea-Land Breeze.},
Volume = {73},
Year = {2016},
}

@article{li15,
author={Li,Dawei and Shen,Hui},
year={2015},
month={09},
title={Evaluation of wind vectors observed by HY-2A scatterometer using ocean buoy observations, ASCAT measurements, and numerical model data},
journal={Chinese Journal of Oceanology and Limnology},
volume={33},
number={5},
pages={1191-1200},
note={Copyright - Chinese Society for Oceanology and Limnology, Science Press and Springer-Verlag Berlin Heidelberg 2015; Document feature - ; Last updated - 2015-11-12},
keywords={Earth Sciences--Hydrology; HY-2A; scatterometer; wind fields; evaluation; Wind; Mathematical models; Oceanography},
isbn={0254-4059},
language={English},
}

@article{lo16,
author = {Lo, Jeff Chun-Fung and Orton, Thomas},
title = {The general features of tropical Sumatra Squalls},
journal = {Weather},
volume = {71},
number = {7},
publisher = {John Wiley & Sons, Ltd},
pages = {175-178},
keywords = {Maritime Continent, Tropical Squalls, Sumatra Squalls, Convective System},
year = {2016},
}



@article{love11,
author={Love,Barnaby S. and Matthews,Adrian J. and Lister,Grenville M. S.},
year={2011},
month={04},
title={The diurnal cycle of precipitation over the {Maritime Continent} in a high-resolution atmospheric model},
journal={Quarterly Journal of the Royal Meteorological Society},
volume={137},
number={657},
pages={934-947},
isbn={1477-870X, 1477-870X},
language={English},
}

@article{lucas14,
author={Lucas,Christopher and Timbal,Bertrand and Nguyen,Hanh},
year={2014},
month={Jan},
title={The expanding tropics: a critical assessment of the observational and modeling studies},
journal={Wiley Interdisciplinary Reviews},
volume={5},
number={1},
pages={89-112},
keywords={Meteorology},
language={English},
}

@article{mackay91,
title = "Theory and development of a one dimensional time dependent radiative convective climate model",
journal = "Chemosphere",
volume = "22",
number = "3",
pages = "383 - 417",
year = "1991",
author = "R.M. MacKay and M.A.K. Khalil",
}

@article{madden71,
	Author = {Madden, Roland A. and Julian, Paul R.},
	Journal = {Journal of the Atmospheric Sciences},
	Journal1 = {J. Atmos. Sci.},
	Month = {2016/02/01},
	Number = {5},
	Pages = {702--708},
	Publisher = {American Meteorological Society},
	Title = {Detection of a 40--50 Day Oscillation in the Zonal Wind in the Tropical {Pacific}},
	Volume = {28},
	Year = {1971},
}

@article{madden72,
author = { Roland A.  Madden  and  Paul R.  Julian },
title = {Description of Global-Scale Circulation Cells in the Tropics with a 40-50 Day Period},
journal = {Journal of the Atmospheric Sciences},
volume = {29},
number = {6},
pages = {1109-1123},
year = {1972},
}

@article{maddox80,
author = {Robert A. Maddox and L. Ray Hoxit and Charles F. Chappell},
title = {A Study of Tornadic Thunderstorm Interactions with Thermal Boundaries},
journal = {Monthly Weather Review},
volume = {108},
number = {3},
pages = {322-336},
year = {1980},
}


@article{madonna14,
author={Madonna,Erica and Wernli,Heini and Joos,Hanna and Martius,Olivia},
year={2014},
month={01},
title={Warm Conveyor Belts in the ERA-Interim Dataset (1979-2010). Part I: Climatology and Potential Vorticity Evolution},
journal={Journal of Climate},
volume={27},
number={1},
pages={3-26},
isbn={0894-8755, 0894-8755},
language={English},
}

@article{mahrer77,
author={Mahrer,Y. and Pielke,R. A.},
year={1977},
title={The effects of topography on sea and land breezes in a two-dimensional numerical model},
journal={Monthly Weather Review},
volume={105},
pages={1151-1162},
isbn={0027-0644, 0027-0644},
language={English},
}

@article{mapes95,
author={Mapes,Brian E. and Houze,Robert A.,Jr},
year={1995},
title={Diabatic divergence profiles in western {Pacific} mesoscale convective systems},
journal={Journal of the Atmospheric Sciences, Boston, MA},
volume={52},
number={10},
pages={1807-1828},
isbn={0022-4928, 0022-4928},
language={English},
}

@article{mapes03a,
Author = {Mapes, Brian E. and Warner, Thomas T. and Xu, Mei and Negri, Andrew J.},
ISSN = {00270644},
Journal = {Monthly Weather Review},
Number = {5},
Pages = {799},
Title = {Diurnal Patterns of Rainfall in Northwestern {South America}. {Part} {I}: Observations and Context.},
Volume = {131},
Year = {2003},
}

@article{mapes03b,
Author = {Mapes, Brian E. and Warner, Thomas T. and Xu, Mei},
ISSN = {00270644},
Journal = {Monthly Weather Review},
Number = {5},
Pages = {830},
Title = {Diurnal Patterns of Rainfall in Northwestern {South America}. {Part} {III}: Diurnal Gravity Waves and Nocturnal Convection Offshore.},
Volume = {131},
Year = {2003},
}

@Article{mariani18,
author="Mariani, Zen
and Dehghan, Armin
and Joe, Paul
and Sills, David",
title={Observations of Lake-Breeze Events During the {Toronto 2015 Pan-American Games}},
journal="Boundary-Layer Meteorology",
year="2018",
month="Jan",
day="01",
volume="166",
number="1",
pages="113--135",
}

@article{markowski98,
author = {Paul M.  Markowski  and  Jerry M.  Straka  and  Erik N.  Rasmussen  and  David O.  Blanchard},
title = {Variability of Storm-Relative Helicity during VORTEX},
journal = {Monthly Weather Review},
volume = {126},
number = {11},
pages = {2959-2971},
year = {1998},
}

@book{markowski10,
Author = {Markowski, Paul and Richardson, Yvette Pamela},
Publisher = {Wiley-Blackwell},
Series = {Advancing weather and climate science},
Title = {Mesoscale meteorology in midlatitudes.},
Year = {2010},
}

@article{mathews13,
author = {Matthews, Adrian J. and Pickup, Geoff and Peatman, Simon C. and Clews, Peter and Martin, Jason},
title = {The effect of the Madden-Julian Oscillation on station rainfall and river level in the Fly River system, Papua New Guinea},
journal = {Journal of Geophysical Research: Atmospheres},
volume = {118},
number = {19},
issn = {2169-8996},
url = {http://dx.doi.org/10.1002/jgrd.50865},
doi = {10.1002/jgrd.50865},
pages = {10,926--10,935},
year = {2013}
}

@article{matsuno66,
  title={Quasi-Geostrophic Motions in the Equatorial Area},
  author={Taroh Matsuno},
  journal={{Journal of the Meteorological Society of Japan. Ser. II}},
  volume={44},
  number={1},
  pages={25-43},
  year={1966},
}

@Article{maussion11,
AUTHOR = {Maussion, F. and Scherer, D. and Finkelnburg, R. and Richters, J. and Yang, W. and Yao, T.},
TITLE = {{WRF} simulation of a precipitation event over the {Tibetan Plateau, China} â€“ an assessment using remote sensing and ground observations},
JOURNAL = {Hydrology and Earth System Sciences},
VOLUME = {15},
YEAR = {2011},
NUMBER = {6},
PAGES = {1795--1817},
DOI = {10.5194/hess-15-1795-2011}
}

@book{mayes04,
  title={Prandtl's Essentials of Fluid Mechanics},
  author={Mayes, K. and Oertel, H.},
  series={Applied Mathematical Sciences},
  year={2004},
  publisher={Springer New York}
}


@article{mcbride80,
author={McBride,John L. and Gray,William M.},
year={1980},
title={Mass divergence in tropical weather systems: Paper 1, Diurnal variation},
journal={Royal Meteorological Society, Bracknell, Eng., Quarterly Journal},
volume={106},
number={449},
pages={501-516},
language={English},
}

@book{meischner04,
Author = {Meischner, Peter},
Publisher = {Springer Berlin Heidelberg},
Series = {Physics of Earth and Space Environments},
Title = {Weather Radar: Principles and Advanced Applications},
Year = {2004},
}

@article{milliff04,
author={Milliff,Ralph F. and Morzel,Jan and Chelton,Dudley B. and Freilich,Michael H.},
year={2004},
month={08},
title={Wind Stress Curl and Wind Stress Divergence Biases from Rain Effects on QSCAT Surface Wind Retrievals},
journal={Journal of Atmospheric and Oceanic Technology},
volume={21},
number={8},
pages={1216-1221,1223-1231},
isbn={07390572},
language={English},
}

@article{mo98,
author={Mo, Kingtse C. and Higgins, R. W.},
year={1998},
month={09},
title={Tropical convection and precipitation regimes in the western {United States}},
journal={Journal of Climate},
volume={11},
number={9},
pages={2404-2423},
} 

@article{moon15,
author={Moon,Il-Ju and Kim,Sung-Hun and Klotzbach,Phil and Chan,Johnny C. L.},
year={2015},
month={10},
title={Roles of interbasin frequency changes in the poleward shifts of the maximum intensity location of tropical cyclones},
journal={Environmental Research Letters},
volume={10},
number={10},
isbn={1748-9326, 1748-9326},
language={English},
}

@article{mori04,
author = {Shuichi  Mori  and  Hamada  Jun-Ichi  and  Yudi Iman  Tauhid  and  Manabu D.  Yamanaka  and  Noriko  Okamoto  and  Fumie  Murata  and  Namiko  Sakurai  and  Hiroyuki  Hashiguchi  and  Tien  Sribimawati },
title = {Diurnal Landâ€“Sea Rainfall Peak Migration over {Sumatera} Island, {Indonesian Maritime Continent}, Observed by {TRMM} Satellite and Intensive Rawinsonde Soundings},
journal = {Monthly Weather Review},
volume = {132},
number = {8},
pages = {2021-2039},
year = {2004},
}

@techreport{moroni16,
author={Moroni, David and Stiles, Bryan and Tyler, Douglas and Fore, Alex},
title = {RapidScat level {2B} {netCDF} Guide Document},
year={2016},
month={March},
group = {Jet Propulsion Labratory},
institution = {California Institute of Technology},
address = {Pasadena, California},
}

@techreport{moroni13,
author={Moroni, David and Stiles, Bryan and Fore, Alex},
title = {OceanSat-2 Level {2B} User Guide},
year={2013},
month={February},
group = {Jet Propulsion Labratory},
institution = {California Institute of Technology},
address = {Pasadena, California},
}

@article{muppa12,
title = "Study on deep inland penetration of sea breeze over complex terrain in the tropics",
journal = "Atmospheric Research",
volume = "104-105",
pages = "209 - 216",
year = "2012",
issn = "0169-8095",
doi = "https://doi.org/10.1016/j.atmosres.2011.10.007",
author = "Shravan Kumar Muppa and V.K. Anandan and K. Amit Kesarkar and S.Vijaya Bhaskara Rao and P. Narasimha Reddy",
}

@article{murakami83,
  title={Analysis of the Deep Convective Activity Over the Western Pacific and Southeast Asia},
  author={Masato Murakami},
  journal={Journal of the Meteorological Society of Japan. Ser. II},
  volume={61},
  number={1},
  pages={60-76},
  year={1983},
}

@article{murakami84,
  title={Analysis of the Deep Convective Activity over the Western Pacific and Southeast Asia},
  author={Masato Murakami},
  journal={Journal of the Meteorological Society of Japan. Ser. II},
  volume={62},
  number={1},
  pages={88-108},
  year={1984},
}

@article{nave02,
Author = {La Nave, Federica and Mazur, Barry},
Journal = {Mathematical Intelligencer},
Number = {1},
Pages = {12},
Title = {{Reading Bombelli.}},
Volume = {24},
Year = {2002},
}

@article{nachtsheim88,
 author = {Christopher J. Nachtsheim and Mark E. Johnson},
 journal = {Journal of the American Statistical Association},
 number = {404},
 pages = {984-989},
 publisher = {[American Statistical Association, Taylor & Francis, Ltd.]},
 title = {A New Family of Multivariate Distributions With Applications to {Monte Carlo} Studies},
 volume = {83},
 year = {1988}
}

@manual{nsoas13,
	title= {HY-2A Satellite User's Guide},
	author={{National Satellite Ocean Application Service}},
	organisation= {{National Satellite Ocean Application Service}},
	year	= {2013},
	month={May},
}

@article{neale03,
author = {Richard  Neale  and  Julia  Slingo},
title = {The {Maritime Continent} and Its Role in the Global Climate: A {GCM} Study},
journal = {Journal of Climate},
volume = {16},
number = {5},
pages = {834-848},
month = {March},
year = {2003},
}

@article{negri02,
author = {Andrew J.  Negri  and  Thomas L.  Bell  and  Liming  Xu },
title = {Sampling of the Diurnal Cycle of Precipitation Using {TRMM}},
journal = {Journal of Atmospheric and Oceanic Technology},
volume = {19},
number = {9},
pages = {1333-1344},
year = {2002},
}

@article{nel86,
author = {D.G. Nel and C.A. Van Der Merwe},
title = {A solution to the multivariate {Behrens-Fisher} problem},
journal = {Communications in Statistics - Theory and Methods},
volume = {15},
number = {12},
pages = {3719-3735},
year = {1986},
}

@article{niino87,
  title={The Linear Theory of Land and Sea Breeze Circulation},
  author={Hiroshi Niino},
  journal={Journal of the Meteorological Society of Japan. Ser. II},
  volume={65},
  number={6},
  pages={901-921},
  year={1987},
}

@misc{noaa17,
  title={Subject: E2) Which tropical cyclone intensified the fastest?},
  author={{National Atmospheric and Oceanic Administration}},
  howpublished = {\url{http://www.aoml.noaa.gov/hrd/tcfaq/E2.html}},
  note = {Accessed 05/07/2017},
  year = {2017}
}

@article{ohsawa01,
author={Ohsawa,T. and Ueda,H. and Hayashi,T. and Watanabe,A. and Matsumoto,J.},
year={2001},
title={Diurnal Variations of Convective Activity and Rainfall in Tropical {Asia}},
journal={Journal of the Meteorological Society of Japan},
volume={79},
number={1},
pages={333-352},
isbn={0026-1165, 0026-1165},
language={English},
}

@article{oliphant01,
author={Oliphant,A. J. and Sturman and Tapper,N. J.},
year={2001},
title={The evolution and structure of a tropical island sea/land-breeze system, northern Australia},
journal={Meteorology and Atmospheric Physics},
volume={78},
number={1-2},
pages={45-59},
isbn={0177-7971, 0177-7971},
language={English},
}

@article{oliveira16,
Author = {Oliveira, RÃ´mulo and Maggioni, Viviana and Vila, Daniel and Morales, Carlos},
Journal = {Remote Sensing},
Number = {7},
Pages = {1 - 20},
Title = {{Characteristics and Diurnal Cycle of GPM Rainfall Estimates over the Central Amazon Region}},
Volume = {8},
Year = {2016},
}

@article{peatman14,
author={Peatman,Simon C. and Matthews,Adrian J. and Stevens,David P.},
year={2014},
month={04},
title={Propagation of the {Madden-Julian Oscillation} through the {Maritime Continent} and scale interaction with the diurnal cycle of precipitation},
journal={Quarterly Journal of the Royal Meteorological Society},
volume={140},
number={680},
pages={814-825},
isbn={0035-9009, 0035-9009},
language={English},
}

@Article{peatman15,
author="Peatman, Simon C.
and Matthews, Adrian J.
and Stevens, David P.",
title={{Propagation of the Madden-Julian Oscillation and scale interaction with the diurnal cycle in a high-resolution GCM}},
journal="Climate Dynamics",
year="2015",
month="Nov",
day="01",
volume="45",
number="9",
pages="2901--2918"
}

@article{pielke74,
author = { Roger A.  Pielke },
title = {A Three-Dimensional Numerical Model of the Sea Breezes Over South {Florida}},
journal = {Monthly Weather Review},
volume = {102},
number = {2},
pages = {115-139},
year = {1974}
}

@article{peters13,
author = {Karsten Peters and Christian Jakob and Laura Davies and Boualem Khouider and Andrew J. Majda},
title = {Stochastic Behavior of Tropical Convection in Observations and a Multicloud Model},
journal = {Journal of the Atmospheric Sciences},
volume = {70},
number = {11},
pages = {3556-3575},
year = {2013},
doi = {10.1175/JAS-D-13-031.1},
}

@article{peters17,
author = {Peters, Karsten and Crueger, Traute and Jakob, Christian and MÃ¶bis, Benjamin},
title = {Improved {MJO-simulation in ECHAM6.3} by coupling a stochastic multicloud model to the convection scheme},
journal = {Journal of Advances in Modeling Earth Systems},
volume = {9},
number = {1},
issn = {1942-2466},
pages = {193--219},
keywords = {Subgrid-scale (SGS) parameterization, Tropical meteorology, Tropical dynamics, Global climate models, Stochastic processes, tropical convection, Madden-Julian-Oscillation, convection parametrization, stochastic parametrization, convective organization, ECHAM6.3},
year = {2017},
}

@article{phillips65,
author={Phillips, E. F.},
year={1965},
title={The Numurkah Tornado of August 1964},
journal={Australian Meteorological Magazine},
volume={48},
pages={37-45},
}

@book{pielke02,
Author = {Pielke, Roger A.},
ISBN = {0125547668},
Publisher = {San Diego, Calif. ; London : Academic, 2002.},
Series = {International geophysics series},
Title = {Mesoscale meteorological modeling.},
Year = {2002},
}

@article{qian08,
author = {Jian-Hua Qian},
title = {Why Precipitation Is Mostly Concentrated over Islands in the {Maritime Continent}},
journal = {Journal of the Atmospheric Sciences},
volume = {65},
number = {4},
pages = {1428-1441},
year = {2008},
}

@article{qian09,
author={Qian,Tingting and Epifanio,Craig C. and Zhang,Fuqing},
year={2009},
month={06},
title={Linear Theory Calculations for the Sea Breeze in a Background Wind: The Equatorial Case},
journal={Journal of the Atmospheric Sciences},
volume={66},
number={6},
pages={1749-1763},
keywords={Meteorology; Atmosphere},
isbn={00224928},
language={English},
}

@article{qian12,
author={Qian,Tingting and Epifanio,Craig C. and Zhang,Fuqing},
year={2012},
month={01},
title={Topographic Effects on the Tropical Land and Sea Breeze},
journal={Journal of the Atmospheric Sciences},
volume={69},
number={1},
pages={130-149},
keywords={Meteorology; Atmosphere; Experiments; Air pollution},
isbn={00224928},
language={English},
}

@article{qian13,
author={Qian,Jian-Hua and Robertson,Andrew W. and Moron,Vincent},
year={2013},
month={Mar 01},
title={Diurnal Cycle in Different Weather Regimes and Rainfall Variability over Borneo Associated with ENSO},
journal={Journal of Climate},
volume={26},
number={5},
pages={1772-1790},
keywords={Meteorology; Precipitation; Wind; Mountains},
isbn={08948755},
language={English},
}

@article{ramage68,
author = {C. S.  Ramage},
title = {Role of a Tropical {``Maritime Continent"} in the Atmospheric Circulation},
journal = {Monthly Weather Review},
volume = {96},
number = {6},
pages = {365-370},
year = {1968},
}

@article{randall89,
author={Randall,David A.},
year={1989},
title={Interactions among radiation, convection, and large-scale dynamics in a general circulation model},
journal={Journal of the Atmospheric Sciences, Boston},
volume={46},
number={13},
pages={1943-1970},
keywords={Meteorological & Geoastrophysical Abstracts; Climate models; Climate forming processes; M2 551.581:Latitudinal Influences},
isbn={0022-4928, 0022-4928},
language={English},
}

@article{randall91,
author={Randall,David A. and Harshvardhan and Dazlich,Donald A.},
year={1991},
title={Diurnal variability of the hydrologic cycle in a general circulation model},
journal={Journal of the Atmospheric Sciences, Boston, MA},
volume={48},
number={1},
pages={40-62},
isbn={0022-4928, 0022-4928},
language={English},
}

@article{rauniyar11,
author={Rauniyar,Surendra P. and Walsh,Kevin J. E.},
year={2011},
month={Jan 15},
title={Scale Interaction of the Diurnal Cycle of Rainfall over the {Maritime Continent} and {Australia}: Influence of the {MJO}},
journal={Journal of Climate},
volume={24},
number={2},
pages={325-348},
keywords={Meteorology; Atmosphere; Precipitation; Propagation; Investigations; Rain; General circulation models},
isbn={08948755},
language={English},
}

@article{rauniyar13,
author={Rauniyar,Surendra P. and Walsh,Kevin J. E.},
year={2013},
month={Feb 15},
title={Influence of ENSO on the Diurnal Cycle of Rainfall over the Maritime Continent and Australia},
journal={Journal of Climate},
volume={26},
number={4},
pages={1304-1321},
isbn={08948755},
language={English},
}

@article{rauniyar16,
author="Rauniyar, Surendra P.
and Walsh, Kevin J. E.",
title="Spatial and temporal variations in rainfall over Darwin and its vicinity during different large-scale environments",
journal="Climate Dynamics",
year="2016",
month="Feb",
day="01",
volume="46",
number="3",
pages="671--691",
}

@misc{remoteSensing17,
title={{ASCAT v2.1 Wind Vectors}},
author={{Remote Sensing Systems}},
howpublished = {\url{http://images.remss.com/wind/wind_vector_data_daily.html?&sat=ascat}},
  note = {Accessed 22/06/2017},
  year = {2017}
}

@book{rencher98,
Author = {Rencher, Alvin C.},
Publisher = {Wiley},
Series = {Wiley series in probability and statistics},
Title = {{Multivariate Statistical Inference and Applications}},
Year = {1998},
}

@book{rencher02,
Author = {Rencher, Alvin C. and Christensen, William F.},
Edition = 2,
ISBN = {9781118391655},
Publisher = {Wiley},
Series = {Wiley Series in Probability and Statistics},
Title = {Methods of Multivariate Analysis},
Year = {2002},
}

@article{ricciardulli15,
author={Ricciardulli,Lucrezia and Wentz,Frank J.},
year={2015},
month={10},
title={A Scatterometer Geophysical Model Function for Climate-Quality Winds: QuikSCAT Ku-2011},
journal={Journal of Atmospheric and Oceanic Technology},
volume={32},
number={10},
pages={1829-1846},
keywords={Meteorology; Geophysics; Scattering; Climate; Wind},
isbn={07390572},
language={English},
}

@article{risbey09,
author={Risbey,James S. and Pook,Michael J. and McIntosh,Peter C. and Wheeler,Matthew C. and Hendon,Harry H.},
year={2009},
month={10},
title={On the Remote Drivers of Rainfall Variability in Australia},
journal={Monthly Weather Review},
volume={137},
number={10},
pages={3233-3253},
isbn={0027-0644, 0027-0644},
language={English},
}

@article{risien08,
author={Risien,Craig M. and Chelton,Dudley B.},
year={2008},
month={11},
title={A Global Climatology of Surface Wind and Wind Stress Fields from Eight Years of QuikSCAT Scatterometer Data},
journal={Journal of Physical Oceanography},
volume={38},
number={11},
pages={2379-2381,2383-2390,2392-2393,2395-2399,2401-2405,2407-2413},
isbn={00223670},
language={English},
}

@article{robinson13,
author = {F. J. Robinson and M. D. Patterson and S. C. Sherwood},
title = {A Numerical Modeling Study of the Propagation of Idealized Sea-Breeze Density Currents},
journal = {Journal of the Atmospheric Sciences},
volume = {70},
number = {2},
pages = {653-668},
year = {2013},
doi = {10.1175/JAS-D-12-0113.1},
}

@article{roderick15,
author={Roderick,Michael L. and Greve,Peter and Farquhar,Graham D.},
year={2015},
month={07},
title={On the assessment of aridity with changes in atmospheric CO sub(2)},
journal={Water Resources Research},
volume={51},
number={7},
pages={5450-5463},
isbn={0043-1397, 0043-1397},
language={English},
}

@article{rotunno83,
Author = {Rotunno, Richard},
Journal = {Journal of the Atmospheric Sciences},
Journal1 = {J. Atmos. Sci.},
Month = {2016/02/01},
Number = {8},
Pages = {1999--2009},
Publisher = {American Meteorological Society},
Title = {On the Linear Theory of the Land and Sea Breeze},
Volume = {40},
Year = {1983},
}

@article{rotunno85,
author = { Richard  Rotunno  and  Joseph  Klemp },
title = {On the Rotation and Propagation of Simulated Supercell Thunderstorms},
journal = {Journal of the Atmospheric Sciences},
volume = {42},
number = {3},
year = {1985},
}

@article{rotunno88,
author = { Richard  Rotunno  and  Joseph B.  Klemp  and  Morris L.  Weisman },
title = {A Theory for Strong, Long-Lived Squall Lines},
journal = {Journal of the Atmospheric Sciences},
volume = {45},
number = {3},
pages = {463-485},
year = {1988},
}

@article{sakaeda17,
author = {Naoko Sakaeda and George Kiladis and Juliana Dias},
title = {The Diurnal Cycle of Tropical Cloudiness and Rainfall Associated with the Maddenâ€“Julian Oscillation},
journal = {Journal of Climate},
volume = {30},
number = {11},
pages = {3999-4020},
year = {2017}
}

@article{sathyanadh17,
title = "Evaluation of WRF PBL parameterization schemes against direct observations during a dry event over the Ganges valley",
journal = "Atmospheric Research",
volume = "193",
pages = "125 - 141",
year = "2017",
issn = "0169-8095",
doi = "https://doi.org/10.1016/j.atmosres.2017.02.016",
author = "Anusha Sathyanadh and Thara V. Prabha and B. Balaji and E.A. Resmi and Anandakumar Karipot",
}

@article{sato09,
author = { Tomonori  Sato  and  Hiroaki  Miura  and  Masaki  Satoh  and  Yukari N.  Takayabu  and  Yuqing  Wang },
title = {Diurnal Cycle of Precipitation in the Tropics Simulated in a Global Cloud-Resolving Model},
journal = {Journal of Climate},
volume = {22},
number = {18},
pages = {4809-4826},
year = {2009},
}

@article{schmidt47,
author = { F. H.  Schmidt },
title = {AN ELEMENTARY THEORY OF THE LAND- AND SEA-BREEZE CIRCULATION},
journal = {Journal of Meteorology},
volume = {4},
number = {1},
pages = {9-20},
year = {1947},
doi = {10.1175/1520-0469(1947)004<0009:AETOTL>2.0.CO;2},
}

@article{seo12,
author={Seo,Kyong-Hwan and Son,Seok-Woo},
year={2012},
month={01},
title={The Global Atmospheric Circulation Response to Tropical Diabatic Heating Associated with the Madden-Julian Oscillation during Northern Winter},
journal={Journal of the Atmospheric Sciences},
volume={69},
number={1},
pages={79-96},
}

@techreport{skamarock08,
author={Skamarock, W. and Klemp, J.B. and Dudhia, J. and Gill, D.O. and Barker, D. and Duda, M.G. and Huang, X.-Y. and Wang, W.},
title={A Description of the Advanced Research {WRF} Version 3.},
number={NCAR/TN-475+STR},
institution={NCAR},
year={2008},
}

@article{slingo03,
author = {J. Slingo and P. Inness and R. Neale and S. Woolnough and G. Yang},
title = {Scale interactions on diurnal to seasonal timescales and their relevance to model systematic errors},
journal = {Annals of Geophysics},
volume = {46},
number = {1},
year = {2003},
keywords = {diurnal cycle;MJO;convection;ocean-atmosphere interaction},
}

@article{simpson69,
author = {Simpson, J. E.},
title = {A comparison between laboratory and atmospheric density currents},
journal = {Quarterly Journal of the Royal Meteorological Society},
volume = {95},
number = {406},
publisher = {John Wiley & Sons, Ltd},
issn = {1477-870X},
doi = {10.1002/qj.49709540609},
pages = {758--765},
year = {1969},
}

@article{simpson77,
author={Simpson,J. E. and Mansfield,D. A. and Milford,J. R.},
year={1977},
title={Inland penetration of sea breeze fronts},
journal={Royal Meteorological Society, Bracknell, Eng., Quarterly Journal},
volume={103},
number={435},
pages={47-76},
language={English},
}

@article{simpson93,
Author = {SIMPSON, J and KEENAN, TD and FERRIER, B and SIMPSON, RH and HOLLAND, GJ},
Title = {{CUMULUS MERGERS IN THE MARITIME CONTINENT REGION}},
Journal = {{METEOROLOGY AND ATMOSPHERIC PHYSICS}},
Year = {{1993}},
Volume = {{51}},
Number = {{1-2}},
Pages = {{73-99}},
DOI = {{10.1007/BF01080881}},
ISSN = {{0177-7971}},
Unique-ID = {{ISI:A1993KV76800005}},
}

@book{simpson94,
Author = {Simpson, John E.},
ISBN = {0521452112},
Publisher = {Cambridge ; New York : Cambridge University Press, 1994.},
Title = {Sea breeze and local winds.},
Year = {1994},
}

@article{sousa13,
author={Sousa,M. C. and Alvarez,I. and Vaz,N. and Gomez-Gesteira,M. and Dias,J. M.},
year={2013},
month={02},
title={Assessment of Wind Pattern Accuracy from the {QuikSCAT} Satellite and the {WRF} Model along the {Galician} Coast (Northwest {Iberian} Peninsula)},
journal={Monthly Weather Review},
volume={141},
number={2},
pages={742-753},
isbn={0027-0644, 0027-0644},
language={English},
}

@article{stephens05,
author = { Graeme L.  Stephens },
title = {Cloud Feedbacks in the Climate System: A Critical Review},
journal = {Journal of Climate},
volume = {18},
number = {2},
pages = {237-273},
year = {2005},
doi = {10.1175/JCLI-3243.1},
}

@article {stephens10,
author = {Stephens, Graeme L. and L'Ecuyer, Tristan and Forbes, Richard and Gettelmen, Andrew and Golaz, Jean-Christophe and Bodas-Salcedo, Alejandro and Suzuki, Kentaroh and Gabriel, Philip and Haynes, John},
title = {Dreary state of precipitation in global models},
journal = {Journal of Geophysical Research: Atmospheres},
volume = {115},
number = {D24},
issn = {2156-2202},
doi = {10.1029/2010JD014532},
keywords = {Modeling, Remote sensing, Precipitation, precipitation, CloudSat, numerical model},
year = {2010},
}

@article{stevens09,
Author = {Stevens, Bjorn and Feingold, Graham},
Day = {01},
Journal = {Nature},
Month = {10},
Number = {7264},
Pages = {607--613},
Publisher = {Macmillan Publishers Limited. All rights reserved},
Title = {Untangling aerosol effects on clouds and precipitation in a buffered system},
Volume = {461},
Year = {2009},
}

@article{stevens13,
Author = {Stevens, Bjorn},
Date = {2013/11/07/print},
Date-Added = {2016-05-19 03:01:40 +0000},
Date-Modified = {2016-05-19 03:01:40 +0000},
Day = {07},
Isbn = {0028-0836},
Journal = {Nature},
Month = {11},
Number = {7474},
Pages = {47--48},
Publisher = {Nature Publishing Group, a division of Macmillan Publishers Limited. All Rights Reserved.},
Title = {Climate science: Uncertain then, irrelevant now},
Ty = {JOUR},
Volume = {503},
Year = {2013},
}

@PhdThesis{stoffelen98,
title = "{Scatterometry}",
author = "Ad Stoffelen",
school = "Universiteit Utrecht",
month = "October",
year = "1998",
}

@article{sui92,
author = { C-H.  Sui  and  K-M.  Lau },
title = {{Multiscale Phenomena in the Tropical Atmosphere over the Western Pacific}},
journal = {Monthly Weather Review},
volume = {120},
number = {3},
pages = {407-430},
year = {1992},
}

@article{sui97,
Author = {Sui, C.-H. and Lau, K.-M.},
ISSN = {00224928},
Journal = {Journal of the Atmospheric Sciences},
Keywords = {CLOUDS -- Diurnal variations, CONVECTIVE clouds},
Number = {5},
Pages = {639},
Title = {{Diurnal variations in tropical oceanic cumulus convection during TOGA COARE}},
Volume = {54},
Year = {1997},
}

@article{tan13,
author={Tan,Jackson and Jakob,Christian and Lane,Todd P.},
year={2013},
month={09},
title={On the Identification of the Large-Scale Properties of Tropical Convection Using Cloud Regimes},
journal={Journal of Climate},
volume={26},
number={17},
pages={6618-6632},
isbn={0894-8755, 0894-8755},
language={English},
}

@article{tan15,
author={Tan,Jackson and Jakob,Christian and Rossow,William B. and Tselioudis,George},
year={2015},
month={Mar 26},
title={Increases in tropical rainfall driven by changes in frequency of organized deep convection},
journal={Nature},
volume={519},
number={7544},
pages={451-454F},
keywords={Environmental Studies; Meteorology; Climate; Precipitation; Hydrology},
isbn={00280836},
language={English},
}
ï»¿
@article{tang14,
Author = {Tang, Wenqing and Liu, W. Timothy and Stiles, Bryan and Fore, Alexander},
Title = {{Detection of diurnal cycle of ocean surface wind from space-based
   observations}},
Journal = {{International Journal of Remote Sensing}},
Year = {{2014}},
Volume = {{35}},
Number = {{14, SI}},
Pages = {{5328-5341}},
DOI = {{10.1080/01431161.2014.926413}},
ISSN = {{0143-1161}},
EISSN = {{1366-5901}},
}

@article{takahashi12,
author={Takahashi,Ken},
year={2012},
title={Thermotidal and land-heating forcing of the diurnal cycle of oceanic surface winds in the eastern tropical Pacific},
journal={Geophysical Research Letters},
volume={39},
number={4},
note={Copyright - Copyright 2012 by the American Geophysical Union; Last updated - 2014-08-09},
isbn={00948276},
language={English}
}

@article{tian06,
author = {Tian, Baijun and Waliser, Duane E. and Fetzer, Eric J.},
title = {{Modulation of the diurnal cycle of tropical deep convective clouds by the MJO}},
journal = {Geophysical Research Letters},
volume = {33},
number = {20},
year = {2006},
}

@article{tripoli89a,
author = { Gregory J.  Tripoli  and  William R.  Cotton },
title = {Numerical Study of an Observed Orogenic Mesoscale Convective System. Part 1: Simulated Genesis and Comparison with Observations},
journal = {Monthly Weather Review},
volume = {117},
number = {2},
pages = {273-304},
year = {1989},
}

@article{tripoli89b,
author = { Gregory J.  Tripoli  and  William R.  Cotton },
title = {Numerical Study of an Observed Orogenic Mesoscale Convective System. Part 2: Analysis of Governing Dynamics},
journal = {Monthly Weather Review},
volume = {117},
number = {2},
pages = {305-328},
year = {1989},
}

@article{tselioudis10,
author={Tselioudis,George and Tromeur,Eric and Rossow,William B. and Zerefos,C. S.},
year={2010},
title={Decadal changes in tropical convection suggest effects on stratospheric water vapor},
journal={Geophysical Research Letters},
volume={37},
number={14},
language={English},
}

@article{tulich08,
author={Tulich,S. N. and Mapes,B. E.},
year={2008},
month={01},
title={Multiscale Convective Wave Disturbances in the Tropics: Insights from a Two-Dimensional Cloud-Resolving Model},
journal={Journal of the Atmospheric Sciences},
volume={65},
number={1},
pages={140-155},
note={Date revised - 2008-11-01; Last updated - 2011-12-14; SubjectsTermNotLitGenreText - Waves; Convection; Cooling; Model Studies; Wavelengths; Clouds; Heating; Convective waves; Convection development; Convective activity; Oceanic circulation; Vertical circulation; Atmospheric circulation; Mesoscale circulation; Wave models; Gust fronts; Cloud models; Anvils; Convective cells; Convective circulation},
isbn={0022-4928, 0022-4928},
language={English},
}

@article{ueyama08,
author={Ueyama,Rei and Deser,Clara},
year={2008},
month={Feb 15},
title={A Climatology of Diurnal and Semidiurnal Surface Wind Variations over the Tropical {Pacific} Ocean Based on the Tropical Atmosphere Ocean Moored Buoy Array},
journal={Journal of Climate},
volume={21},
number={4},
pages={593-607},
isbn={08948755},
language={English},
}

@ARTICLE{verhoef12,
author={A. Verhoef and M. Portabella and A. Stoffelen},
journal={IEEE Transactions on Geoscience and Remote Sensing},
title={High-Resolution {ASCAT} Scatterometer Winds Near the Coast},
year={2012},
volume={50},
number={7},
pages={2481-2487},
ISSN={0196-2892},
month={July},}

@article{vincent15,
Author = {Vincent, Claire Louise and Hahmann, Andrea N.},
Title = {{The Impact of Grid and Spectral Nudging on the Variance of the
   Near-Surface Wind Speed}},
Journal = {{Journal of Applied Meteorology and Climatology}},
Year = {{2015}},
Volume = {{54}},
Number = {{5}},
Pages = {{1021-1038}},
Month = {{May}},
DOI = {{10.1175/JAMC-D-14-0047.1}},
ISSN = {{1558-8424}},
EISSN = {{1558-8432}},
}

@article{vincent16,
author={Vincent,Claire L. and Lane,Todd P.},
year={2016},
month={05},
title={Evolution of the Diurnal Precipitation Cycle with the Passage of a {Madden-Julian Oscillation} Event through the {Maritime Continent}},
journal={Monthly Weather Review},
volume={144},
number={5},
pages={1983-2005},
keywords={Meteorology; Cooling; Coasts; Topography; Wind; Propagation; Precipitation; Gravitational waves; New Guinea; Australia},
language={English},
}

@misc{vincent16b,
author={Vincent,Claire L. and Lane,Todd P.},
year={2016},
howpublished={\url{http://geonetwork.nci.org.au/geonetwork/srv/eng/catalog.search#/metadata/f5210_8718_6512_7201}},
note={Accessed 13/03/2017}, 
month={12},
title={{Maritime Continent} Austral summer climatology v1.0},
publisher={NCI National Research Data Collection},
doi={10.4225/41/5850b633c54ed},
}

@article{vincent17,
author = {Claire L. Vincent and Todd P. Lane},
title = {A 10-Year Austral Summer Climatology of Observed and Modeled Intraseasonal, Mesoscale, and Diurnal Variations over the {Maritime Continent}},
journal = {Journal of Climate},
volume = {30},
number = {10},
pages = {3807-3828},
year = {2017},
}

@article{virts15,
author={Virts,Katrina S. and Wallace,John M. and Hutchins,Michael L. and Holzworth,Robert H.},
year={2015},
month={07},
title={Diurnal and Seasonal Lightning Variability over the Gulf Stream and the Gulf of Mexico *},
journal={Journal of the Atmospheric Sciences},
volume={72},
number={7},
pages={2657-2665},
keywords={Meteorology; Precipitation; Satellites; General circulation models; Atmospheric boundary layer; Coasts; Sensors; Grants; Laboratories; Wind; Lightning; United States--US; Atlantic Ocean},
isbn={00224928},
language={English},
}

@article{vogelzang11,
author={Vogelzang,Jur and Stoffelen,Ad and Verhoef,Anton and Figa-Saldana,Julia},
year={2011},
title={On the quality of high-resolution scatterometer winds},
journal={Journal of Geophysical Research},
volume={116},
pages={Citation C10033},
keywords={areal geology; 13:Areal geology},
isbn={0148-0227, 0148-0227},
language={English},
}

@article{walsh74,
author={Walsh,John E.},
year={1974},
title={Sea breeze theory and applications},
journal={Journal of the Atmospheric Sciences, Boston},
volume={31},
number={8},
pages={2012},
isbn={0022-4928, 0022-4928},
language={English},
}

@article{walsh16,
author={Walsh,Kevin J. E. and McBride,John L. and Klotzbach,Philip J. and Balachandran,Sethurathinam and Camargo,Suzana J. and Holland,Greg and Knutson,Thomas R. and Kossin,James P. and Lee,Tsz-cheung and Sobel,Adam and Sugi,Masato},
year={2016},
month={Jan},
title={Tropical cyclones and climate change},
journal={Wiley Interdisciplinary Reviews},
volume={7},
number={1},
pages={65-89},
keywords={Meteorology; Sea level; Global warming; Cyclones},
language={English},
}

@phdthesis{walter04,
Author = {Walter, Kevin Robert},
Title = {The nonlinear dynamics of the sea breeze.},
Year = {2004},
School = {Texas A\&M},
}

@article{wang15,
author={Wang,Zhixiong and Zhao,Chaofang},
year={2015},
month={09},
title={Assessment of wind products obtained from multiple microwave scatterometers over the China Seas},
journal={Chinese Journal of Oceanology and Limnology},
volume={33},
number={5},
pages={1210-1218},
isbn={0254-4059},
language={English},
}

@article{wapler12,
author={Wapler,Kathrin and Lane,Todd P.},
year={2012},
month={02},
title={A case of offshore convective initiation by interacting land breezes near {Darwin, Australia}},
journal={Meteorology and Atmospheric Physics},
volume={115},
number={3-4},
pages={123-137},
isbn={01777971},
language={English},
}

@article{warner03,
ISSN = {00270644},
Author = {Warner, Thomas T. and Mapes, Brian E. and Xu, Mei},
Journal = {Monthly Weather Review},
Keywords = {RAIN & rainfall -- Diurnal variations, CONVECTIVE clouds, CLIMATOLOGY, SOUTH America},
Number = {5},
Pages = {813},
Title = {Diurnal Patterns of Rainfall in Northwestern {South America}. {Part} {II}: Model Simulations.},
Volume = {131},
Year = {2003},
}

@misc{weatherChaser17,
title={{BoM Weather Radar Loops Archive - Rain Rate and Doppler Wind}},
author={{The Weather Chaser}},
howpublished = {\url{http://www.theweatherchaser.com/radar-loop/}},
  note = {Accessed 15/04/2017},
  year = {2017}
}

@misc{webOfScience17,
title={{Web of Science}},
author={{Clarivate Analytics}},
howpublished = {\url{https://apps.webofknowledge.com}},
note = {Accessed 18/07/2017},
year = {2017}
}

@article{wheeler99,
Author = {Wheeler, M and Kiladis, GN},
Title = {Convectively coupled equatorial waves: Analysis of clouds and
   temperature in the wavenumber-frequency domain},
Journal = {Journal of the Atmospheric Sciences},
Year = {{1999}},
Volume = {{56}},
Number = {{3}},
Pages = {{374-399}},
Month = {{FEB 1}},
}

@article{wheeler01,
author = {Matthew  Wheeler  and  Klaus M.  Weickmann},
title = {Real-Time Monitoring and Prediction of Modes of Coherent Synoptic to Intraseasonal Tropical Variability},
journal = {Monthly Weather Review},
volume = {129},
number = {11},
pages = {2677-2694},
year = {2001},
}

@article{wheeler04,
author={Wheeler,M. C. and Hendon,H. H.},
year={2004},
month={08},
title={An All-Season Real-Time Multivariate {MJO} Index: Development of an Index for Monitoring and Prediction},
journal={Monthly Weather Review},
volume={132},
number={8},
pages={1917-1932},
isbn={0027-0644, 0027-0644},
language={English},
}

@article{wheeler09,
author={Wheeler,Matthew C. and Hendon,Harry H. and Cleland,Sam and Meinke,Holger and Donald,Alexis},
year={2009},
month={Mar 15},
title={Impacts of the Madden-Julian Oscillation on Australian Rainfall and Circulation},
journal={Journal of Climate},
volume={22},
number={6},
pages={1482-1487,1489-1498},
keywords={Meteorology; Atmosphere; Winter; Weather; Time series; Summer; Changes; Agricultural production},
isbn={08948755},
language={English},
}

@book{wilks11,
Author = {Wilks, Daniel S.},
Publisher = {Elsevier},
Series = {International geophysics series},
Title = {{Statistical Methods in the Atmospheric Sciences}},
Year = {2011},
}

@article{wood09,
Author = {Wood, R. and Koehler, M. and Bennartz, R. and O'Dell, C.},
Title = {{The diurnal cycle of surface divergence over the global oceans}},
Journal = {{Quartely Journal of the Royal Meteorological Society}},
Year = {{2009}},
Volume = {{135}},
Number = {{643}},
Pages = {{1484-1493}},
Month = {{JUL}},
DOI = {{10.1002/qj.451}},
ISSN = {{0035-9009}},
}

@article{wu08,
Author = {Wu, Peiming and Yamanaka, Manabu D. and Matsumoto, Jun},
Title = {The Formation of Nocturnal Rainfall Offshore from Convection over
   Western {Kalimantan (Borneo)} Island},
Journal = {{Journal of the Meteorological Society of Japan}},
Year = {{2008}},
Volume = {{86A}},
Number = {{SI}},
Pages = {{187-203}},
Month = {{NOV}},
}

@article{wu09a,
Author = {Wu, Peiming and Hara, Masayuki and Hamada, Jun-ichi and Yamanaka, Manabu
   D. and Kimura, Fujio},
Title = {{Why a Large Amount of Rain Falls over the Sea in the Vicinity of Western
   Sumatra Island during Nighttime}},
Journal = {{Journal of Applied Meteorology and Climatology}},
Year = {{2009}},
Volume = {{48}},
Number = {{7}},
Pages = {{1345-1361}},
Month = {{JUL}},
}

@article{wu09,
author = { Cheng-Han  Wu  and  Huang-Hsiung  Hsu },
title = {Topographic Influence on the {MJO in the Maritime Continent}},
journal = {Journal of Climate},
volume = {22},
number = {20},
pages = {5433-5448},
year = {2009},
}

@article{wu15,
Author = {Qing Wu and Ge Chen},
Title = {{Validation and intercomparison of HY-2A/MetOp-A/Oceansat-2 scatterometer
   wind products}},
Journal = {{Chinese Journal of Oceanology and Limnology}},
Year = {{2015}},
Volume = {{33}},
Number = {{5}},
Pages = {{1181-1190}},
Month = {{SEP}},
DOI = {{10.1007/s00343-015-4160-4}},
ISSN = {{0254-4059}},
EISSN = {{1993-5005}},
}

@article{xing16,
AUTHOR = {Xing, Jianyong and Shi, Jiancheng and Lei, Yonghui and Huang, Xiang-Yu and Liu, Zhiquan},
TITLE = {Evaluation of HY-2A Scatterometer Wind Vectors Using Data from Buoys, ERA-Interim and ASCAT during 2012â€“2014},
JOURNAL = {Remote Sensing},
VOLUME = {8},
YEAR = {2016},
NUMBER = {5},
ISSN = {2072-4292}
}

@article{yan87,
Author = {Yan, H and Anthes, R},
Title = {{The effect of latitude on the sea breeze}},
Journal = {Monthly weather review},
Year = {{1987}},
Volume = {{115}},
Number = {{5}},
Pages = {{936-956}},
Month = {{May}},
ISSN = {{0027-0644}},
}

@article{yang01,
author={Yang,Gui-Ying and Slingo,J.},
year={2001},
month={04},
title={The Diurnal Cycle in the Tropics},
journal={Monthly Weather Review},
volume={129},
number={4},
pages={784-801},
isbn={0027-0644, 0027-0644},
language={English},
}

@article{yang06,
author={Yang,Song and Smith,Eric A.},
year={2006},
month={Oct 15},
title={Mechanisms for Diurnal Variability of Global Tropical Rainfall Observed from {TRMM}},
journal={Journal of Climate},
volume={19},
number={20},
pages={5190-5192,5194-5226},
keywords={Meteorology; Studies; Earth},
isbn={08948755},
language={English},
}

@article{zhang05,
author={Zhang,Chidong},
year={2005},
month={06},
title={{Madden-Julian Oscillation}},
journal={Reviews of Geophysics},
volume={43},
number={2},
isbn={8755-1209, 8755-1209},
language={English},
}

@article{zhang13,
author={Zhang,Chidong},
year={2013},
month={12},
title={MADDEN-JULIAN OSCILLATION: Bridging Weather and Climate},
journal={Bulletin of the American Meteorological Society},
volume={94},
number={12},
pages={1849-1870},
keywords={Meteorology; Precipitation; Wind},
isbn={00030007},
language={English},
}

@article{zhou06,
Author = {Zhou, Li and Wang, Yuqing},
Title = {Tropical Rainfall Measuring Mission observation and Regional Model Study
   of Precipitation Diurnal Cycle in the {New Guinean region}},
Journal = {{Journal of Geophysical Research-Atmospheres}},
Year = {{2006}},
Volume = {{111}},
Number = {{D17}},
Month = {{September}},
}
